0740000000000123456Test One            16020300000000000001-00000000000002+00000000000003+00000123456789+016010101
0750000012345678910000000012345678900000012345670000012345671012345678900303012340000012345000000Tomas Jedno         00203240301
0740000000000000123Test Two Diff       15049900000001234567+00000000000123-00000000000016+00000000123456+002030303
0750000000000012345000000000000001600001234567890001234567895000001234500030343210000054321000000Prokop Buben        00203010324
0740000000000000012Test Three          29022400000000000368+00000000009000+00000000000111-00000000000123-009050505